@Article{Boer2000,
  author  = {de Boer, Bart},
  title   = {Emergence of vowel systems through self-organisation},
  number  = {1},
  pages   = {27--39},
  volume  = {13},
  journal = {AI Communications},
  year    = {2000},
}

@Book{Chomsky1968,
  author    = {Chomsky, Noam and Halle, Morris},
  title     = {The sound pattern of {{E}}nglish},
  publisher = {Harper \& Row},
  address   = {New York City},
  year      = {1968},
}

@Article{Lindblom1963,
  author  = {Lindblom, Bj{\"o}rn},
  title   = {Spectrographic study of vowel reduction},
  doi     = {10.1121/1.1918816},
  pages   = {1773--1781},
  volume  = {35},
  journal = {Journal of the Acoustical Society of America},
  year    = {1963},
}

@Article{raphael1972preceding,
  author    = {Raphael, Lawrence J},
  title     = {Preceding vowel duration as a cue to the perception of the voicing characteristic of word-final consonants in {American} {English}},
  number    = {4B},
  pages     = {1296--1303},
  volume    = {51},
  journal   = {The Journal of the Acoustical Society of America},
  publisher = {Acoustical Society of America},
  year      = {1972},
}

@Article{lisker1957closure,
  author    = {Lisker, Leigh},
  title     = {Closure duration and the intervocalic voiced-voiceless distinction in {English}},
  number    = {1},
  pages     = {42--49},
  volume    = {33},
  journal   = {Language},
  publisher = {JSTOR},
  year      = {1957},
}

@Article{wedel2013high,
  author    = {Wedel, Andrew and Kaplan, Abby and Jackson, Scott},
  title     = {High functional load inhibits phonological contrast loss: {{A}} corpus study},
  doi       = {10.1016/j.cognition.2013.03.002},
  number    = {2},
  pages     = {179--186},
  volume    = {128},
  journal   = {Cognition},
  publisher = {Elsevier},
  year      = {2013},
}

@InCollection{Ohala1981,
  author    = {Ohala, John J.},
  booktitle = {Parasession on Language and Behavior},
  title     = {The Listener as a source of sound change},
  editor    = {Masek, C. S. and Hendrick, R. A. and Miller, M. F.},
  pages     = {178--203},
  publisher = {Chicago Linguistics Society},
  address   = {Chicago},
  year      = {1981},
}

@Article{goodman1997inseparability,
  author    = {Bates, Elizabeth and Goodman, Judith C.},
  title     = {On the inseparability of grammar and the lexicon: {{{E}}}vidence from acquisition, aphasia and real-time processing},
  doi       = {10.1080/016909697386628},
  number    = {5--6},
  pages     = {507--584},
  volume    = {12},
  journal   = {Language and Cognitive Processes},
  publisher = {Taylor \& Francis},
  year      = {1997},
}

@Article{Ohala1980,
  author  = {Ohala, John J.},
  title   = {Articulatory constraints on the cognitive representation of speech},
  doi     = {10.1016/S0166-4115(08)60183-1},
  pages   = {111-122},
  volume  = {7},
  journal = {Advances in Psychology},
  year    = {1981},
}

@InCollection{Steriade1995a,
  author    = {Steriade, Donca},
  booktitle = {The handbook of phonological theory},
  title     = {Markedness and underspecification},
  editor    = {Goldsmith, John A.},
  pages     = {114--175},
  publisher = {Blackwell},
  address   = {Cambridge, MA},
  year      = {1995},
}

@Article{Baese-Berk2009,
  author  = {Baese-Berk, Melissa and Goldrick, Matthew},
  title   = {Mechanisms of interaction in speech production},
  doi     = {10.1080/01690960802299378},
  number  = {4},
  pages   = {527--554},
  volume  = {24},
  journal = {Language and Cognitive Processes},
  year    = {2009},
}

@InCollection{baayen1993frequency,
  author    = {Baayen, Harald},
  booktitle = {Yearbook of morphology 1992},
  title     = {On frequency, transparency and productivity},
  doi       = {10.1007/978-94-017-3710-4_7},
  editor    = {Booij, Geert and van Marle, Jaap},
  pages     = {181--208},
  publisher = {Springer, Dordrecht},
  year      = {1993},
}

@Article{gaskell1996phonological,
  author    = {Gaskell, M. Gareth and Marslen-Wilson, William D.},
  title     = {Phonological variation and inference in lexical access.},
  doi       = {10.1037/0096-1523.22.1.144},
  number    = {1},
  pages     = {144--158},
  volume    = {22},
  journal   = {Journal of Experimental Psychology: Human Perception and Performance},
  publisher = {American Psychological Association},
  year      = {1996},
}

@Article{DBLP:journals/corr/Tupper14a,
  author  = {Tupper,Paul F.},
  title   = {Exemplar Dynamics and Sound Merger in Language},
  doi     = {10.1137/140998408},
  issue   = {4},
  pages   = {1469-1492},
  volume  = {75},
  journal = {SIAM Journal on Applied Mathematics},
  year    = {2014},
}

@Book{Mielke2008,
  author    = {Mielke, Jeff},
  title     = {The emergence of distinctive features},
  publisher = {Oxford University Press},
  address   = {Oxford},
  year      = {2008},
}

@Article{Zsiga2000,
  author  = {Zsiga, Elizabeth C.},
  title   = {Phonetic alignment constraints: {{C}}onsonant overlap and palatalization in {English} and {Russian}},
  doi     = {10.1006/jpho.2000.0109},
  issue   = {1},
  pages   = {69--102},
  volume  = {28},
  journal = {Journal of Phonetics},
  year    = {2000},
}

@Article{Baker2011,
  author    = {Baker, Adam and Archangeli, Diana and Mielke, Jeff},
  title     = {Variability in {American} {English} s-retraction suggests a solution to the actuation problem},
  doi       = {10.1017/S0954394511000135},
  number    = {3},
  pages     = {347--374},
  volume    = {23},
  groups    = {[becca:]},
  journal   = {Language Variation and Change},
  publisher = {Cambridge Univ Press},
  year      = {2011},
}

@Book{oudeyer2006self,
  author    = {Oudeyer, Pierre-Yves},
  title     = {Self-organization in the evolution of speech},
  publisher = {OUP Oxford},
  volume    = {6},
  address   = {Oxford},
  year      = {2006},
}

@Article{schwartz2010phonology,
  author    = {Schwartz, Geoffrey},
  title     = {Phonology in the Speech Signal-{U}nifying cue and Prosodic Licensing},
  doi       = {doi.org/10.2478/v10010-010-0025-3},
  number    = {4},
  pages     = {499--518},
  volume    = {46},
  journal   = {Pozna{\'n} Studies in Contemporary Linguistics},
  publisher = {Versita},
  year      = {2010},
}

@Article{Kluender1988,
  author    = {Kluender, Keith R. and Diehl, Randy L. and Wright, Beverly A.},
  title     = {Vowel-length differences before voiced and voiceless consonants: {{A}}n auditory explanation.},
  issue     = {2},
  pages     = {153-169},
  volume    = {16},
  journal   = {Journal of Phonetics},
  publisher = {Elsevier Science},
  year      = {1988},
}

@Article{goldsmith2009learning,
  author    = {Goldsmith, John and Xanthos, Aris},
  title     = {Learning phonological categories},
  number    = {1},
  pages     = {4--38},
  volume    = {85},
  journal   = {Language},
  publisher = {Linguistic Society of America},
  year      = {2009},
}

@PhdThesis{javkin1977phonetic,
  author = {Javkin, Hector},
  title  = {Phonetic universals and phonological change},
  school = {U.C. Berkeley},
  year   = {1977},
}


@Article{morley2023reanalysis,
  author  = {Morley, Rebecca L. and Smith, Bridget J.},
  title   = {A reanalysis of the voicing effect in {English}: {With} implications for featural specification},
  doi     = {10.1177/00238309221142526},
  journal = {Language and Speech},
  year    = {2023},
}

@InCollection{ohala1983origin,
  author    = {Ohala, John J.},
  booktitle = {The production of speech},
  title     = {The origin of sound patterns in vocal tract constraints},
  editor    = {MacNeilage, P. F.},
  pages     = {189--216},
  publisher = {Springer},
  address   = {New York},
  year      = {1983},
}

@Article{byrd1996influences,
  author    = {Byrd, Dani},
  title     = {Influences on articulatory timing in consonant sequences},
  doi       = {10.1006/jpho.1996.0012},
  number    = {2},
  pages     = {209--244},
  volume    = {24},
  journal   = {Journal of Phonetics},
  publisher = {Elsevier},
  year      = {1996},
}

@Article{balota1985locus,
  author    = {Balota, David A. and Chumbley, James I.},
  title     = {The locus of word-frequency effects in the pronunciation task: {{L}}exical access and/or production?},
  doi       = {10.1016/0749-596X(85)90017-8},
  number    = {1},
  pages     = {89--106},
  volume    = {24},
  journal   = {Journal of Memory and Language},
  publisher = {Elsevier},
  year      = {1985},
}

@InCollection{Ohala1990,
  author    = {Ohala, John J.},
  booktitle = {Papers in Laboratory Phonology {I}: {{B}}etween the grammar and physics of speech},
  title     = {The phonetics and phonology of aspects of assimilation},
  editor    = {Kingston, John and Beckman, Mary},
  pages     = {258--275},
  publisher = {Cambridge University Press},
  address   = {Cambridge},
  year      = {1990},
}

@Article{morley2014implications,
  author    = {Morley, Rebecca L.},
  title     = {Implications of an Exemplar-Theoretic Model of Phoneme Genesis: {{A}} Velar Palatalization Case Study},
  doi       = {10.1177/0023830913478926},
  number    = {1},
  pages     = {3--41},
  volume    = {57},
  journal   = {Language and Speech},
  publisher = {SAGE Publications},
  year      = {2014},
}

@InCollection{Guy2008,
  author    = {Guy, Gregory R.},
  booktitle = {The Handbook of Historical Linguistics},
  title     = {Variationist Approaches to Phonological Change},
  doi       = {10.1002/9780470756393.ch8},
  editor    = {Joseph, Brian D. and Janda, Richard D.},
  isbn      = {9780470756393},
  pages     = {369--400},
  publisher = {Oxford, UK: Blackwell Publishing Ltd},
  address   = {Oxford},
  year      = {2008},
}

@Article{Klatt1976,
  author    = {Klatt, Dennis H},
  title     = {Linguistic uses of segmental duration in {English}: {{A}}coustic and perceptual evidence},
  doi       = {10.1121/1.380986},
  number    = {5},
  pages     = {1208--1221},
  volume    = {59},
  journal   = {The Journal of the Acoustical Society of America},
  publisher = {Acoustical Society of America},
  year      = {1976},
}

@InCollection{Labov1968,
  author    = {Weinreich, Uriel and Labov, William and Herzog, Maivin},
  booktitle = {Directions for Historical Linguistics},
  title     = {Empirical foundations for a theory of language change.},
  editor    = {Lehmann, Winfred and Malkiel, Yakov},
  pages     = {95--188},
  publisher = {University of Texas Press},
  address   = {Austin, TX},
  year      = {1968},
}

@Misc{pierrehumbert2014model,
  author = {Pierrehumbert, Janet B. and Stonedahl, Forrest and Daland, Robert},
  title  = {A model of grassroots changes in linguistic systems},
  note   = {arXiv preprint:1408.1985},
  url    = {https://arxiv.org/abs/1408.1985v1},
  year   = {2014},
}

@Article{saltzman1989dynamical,
  author    = {Saltzman, Elliot L. and Munhall, Kevin G.},
  title     = {A dynamical approach to gestural patterning in speech production},
  doi       = {10.1207/s15326969eco0104_2},
  number    = {4},
  pages     = {333--382},
  volume    = {1},
  journal   = {Ecological Psychology},
  publisher = {Taylor \& Francis},
  year      = {1989},
}

@Article{warren1970perceptual,
  author    = {Warren, Richard M.},
  title     = {Perceptual restoration of missing speech sounds},
  doi       = {10.1126/science.167.3917.392},
  number    = {3917},
  pages     = {392--393},
  volume    = {167},
  journal   = {Science},
  publisher = {American Association for the Advancement of Science},
  year      = {1970},
}

@Article{repp1978perceptual,
  author    = {Repp, Bruno H. and Liberman, Alvin M. and Eccardt, Thomas and Pesetsky, David},
  title     = {Perceptual integration of acoustic cues for stop, fricative, and affricate manner.},
  number    = {4},
  pages     = {621--637},
  volume    = {4},
  journal   = {Journal of Experimental Psychology: Human Perception and Performance},
  publisher = {American Psychological Association},
  year      = {1978},
}

@InCollection{frauenfelder1992constraining,
  author    = {Frauenfelder, Uli H. and Schreuder, Robert},
  booktitle = {Yearbook of morphology 1991},
  title     = {Constraining psycholinguistic models of morphological processing and representation: {{T}}he role of productivity},
  editor    = {Booij, Gert and van Marle, Jaap},
  pages     = {165--183},
  publisher = {Springer},
  address   = {Dordrecht},
  year      = {1992},
}

@InCollection{Garrett2013,
  author    = {Garrett, Andrew and Johnson, Keith},
  booktitle = {Origins of sound change: {{A}}pproaches to phonologization},
  title     = {Phonetic bias in sound change},
  editor    = {Yu, Alan},
  pages     = {51--97},
  publisher = {Oxford University Press},
  address   = {Oxford},
  year      = {2013},
}

@Article{delattre1962some,
  author    = {Delattre, Pierre},
  title     = {Some Factors of Vowel Duration and Their Cross-Linguistic Validity},
  doi       = {10.1121/1.1918268},
  number    = {8},
  pages     = {1141--1143},
  volume    = {34},
  journal   = {The Journal of the Acoustical Society of America},
  publisher = {ASA},
  year      = {1962},
}

@InCollection{Hyman1975,
  author    = {Hyman, Larry M.},
  booktitle = {Nasalfest: {{P}}apers from a symposium on nasals and nasalization},
  title     = {{Nasal} states and nasal processes},
  editor    = {Ferguson, Charles A. and Hyman, Larry M. and Ohala, John J.},
  pages     = {249--264},
  publisher = {Standford: Language Universals Project},
  address   = {Stanford University},
  year      = {1975},
}

@InCollection{ettlinger2007exemplar,
  author       = {Ettlinger, Marc},
  booktitle    = {Proceedings of the 16th international congress of the phonetic science},
  title        = {An exemplar-based model of chain shifts},
  pages        = {685--688},
  organization = {Citeseer},
  year         = {2007},
}

@Article{Bell2003,
  author  = {Bell, Alan and Jurafsky, Daniel and Fosler-Lussier, Eric and Girand, Cynthia and Gregory, Michelle and Gildea, Daniel},
  title   = {Effects of disfluencies, predictability and utterance position on word form variation in {{E}}nglish conversation},
  doi     = {10.1121/1.1534836},
  number  = {2},
  pages   = {1001--1024},
  volume  = {113},
  journal = {Journal of the Acoustical Society of America},
  year    = {2003},
}

@InCollection{Surendran2006,
  author    = {Surendran, Dinoj and Niyogi, Partha},
  booktitle = {Competing models of linguistics change: {E}volution and beyond},
  title     = {Quantifying the functional load of phonemic oppositions, distinctive features, and suprasegmentals},
  editor    = {Nedergaard Thomsen, Ole},
  pages     = {43--58},
  publisher = {Benjamins},
  address   = {Amsterdam},
  year      = {2006},
}

@InCollection{Marslen-Wilson1990,
  author    = {Marslen-Wilson, William D.},
  booktitle = {Cognitive models of speech processing: {{P}}sycholinguistic and computational perspectives},
  title     = {Activation, competition, and frequency in lexical access.},
  editor    = {Altmann, G. T. M.},
  pages     = {148--172},
  publisher = {MIT Press},
  address   = {Cambridge, MA},
  year      = {1990},
}

@InCollection{lindblom1990explaining,
  author    = {Lindblom, Bj{\"o}rn},
  booktitle = {Speech production and speech modelling},
  title     = {Explaining phonetic variation: {{A}} sketch of the {H} and {H} theory},
  doi       = {10.1007/978-94-009-2037-8_16},
  editor    = {Hardcastle, William J. and Marchal, Alain},
  pages     = {403--439},
  publisher = {Kluwer},
  address   = {Dordrecht},
  sortname  = {Lindblom, Bj{o}rn},
  year      = {1990},
}

@Article{Gow2003,
  author    = {Gow, David},
  title     = {Feature parsing: {{F}}eature cue mapping in spoken word recognition},
  issue     = {4},
  pages     = {575--590},
  volume    = {65},
  journal   = {Attention, Perception, \& Psychophysics},
  publisher = {Springer New York},
  year      = {2003},
}

@Article{liberman1954role,
  author    = {Liberman, Alvin M. and Delattre, Pierre C. and Cooper, Franklin S. and Gerstman, Louis J.},
  title     = {The role of consonant-vowel transitions in the perception of the stop and nasal consonants.},
  number    = {8},
  pages     = {1},
  volume    = {68},
  journal   = {Psychological Monographs: General and Applied},
  publisher = {American Psychological Association},
  year      = {1954},
}

@InCollection{Janda2008,
  author    = {Janda, Richard D.},
  booktitle = {The Handbook of Historical Linguistics},
  title     = {Phonologization as the start of dephoneticization or, on sound Change and its aftermath: {{O}}f extension, generalization, lexicalization, and morphologization},
  doi       = {10.1002/9780470756393.ch9},
  editor    = {Joseph, Brian D. and Janda, Richard D.},
  isbn      = {9780470756393},
  pages     = {401--422},
  publisher = {Blackwell},
  address   = {Oxford, UK},
  year      = {2008},
}

@Article{Guion1998,
  author  = {Guion, Susan G.},
  title   = {The role of perception in the sound change of velar palatalization},
  pages   = {18--52},
  volume  = {55},
  journal = {Phonetica},
  year    = {1998},
}

@InCollection{Chang2001,
  author    = {Chang, Steve and Plauche, Madelain C. and Ohala, John J.},
  booktitle = {The role of speech perception in phonology},
  title     = {Markedness and consonant confusion asymmetries},
  editor    = {Hume, Elizabeth and Johnson, Keith},
  pages     = {79--101},
  publisher = {Brill},
  address   = {Leiden},
  year      = {2001},
}

@Article{malecot1960vowel,
  author    = {Mal{\'e}cot, Andr{\'e}},
  title     = {Vowel nasality as a distinctive feature in {American} {English}},
  doi       = {10.2307/410987},
  issue     = {2},
  number    = {1},
  pages     = {222--229},
  volume    = {32},
  journal   = {Language},
  publisher = {JSTOR},
  sortname  = {Mal{e}cot, Andr{e}},
  year      = {1960},
}

@Article{fagyal2010centers,
  author    = {Fagyal, Zsuzsanna and Swarup, Samarth and Escobar, Anna Maria and Gasser, Les and Lakkaraju, Kiran},
  title     = {Centers and peripheries: {{N}}etwork roles in language change},
  doi       = {10.1016/j.lingua.2010.02.001},
  number    = {8},
  pages     = {2061--2079},
  volume    = {120},
  journal   = {Lingua},
  publisher = {Elsevier},
  year      = {2010},
}

@InCollection{bell1993understanding,
  author    = {Bell-Berti, Fredericka},
  booktitle = {Nasals, Nasalization, and the Velum},
  title     = {Understanding velic motor control: {{S}}tudies of segmental context},
  doi       = {10.1016/B978-0-12-360380-7.50007-7},
  editor    = {Huffman, Marie and Krakow, Rena},
  number    = {5},
  pages     = {63--85},
  publisher = {Academic Press},
  series    = {Phonetics and Phonology},
  address   = {San Diego},
  year      = {1993},
}

@Article{brown2012discourse,
  author    = {Brown, Esther L. and Raymond, William D.},
  title     = {How discourse context shapes the lexicon: {{{E}}}xplaining the distribution of {{S}}panish f- / h- words},
  doi       = {10.1075/dia.29.2.02bro},
  number    = {2},
  pages     = {139--162},
  volume    = {29},
  journal   = {Diachronica},
  publisher = {John Benjamins Publishing Company},
  year      = {2012},
}

@InCollection{hajek2000vowel,
  author    = {Hajek, John and Maeda, Shinji},
  booktitle = {Papers in Laboratory Phonology V: Acquisition and the lexicon},
  title     = {Investigation universals of sound change: {{T}}he effect of vowel height and duration on the development of distinctive nasalization},
  editor    = {Broe, Michael, B. and Pierrehumber, Janet B.},
  pages     = {52--69},
  publisher = {Cambridge University Press},
  year      = {2000},
}

@Book{Tranel1981,
  author    = {Tranel, Bernard},
  title     = {Concreteness in Generative Phonology: {{{E}}}vidence from {French}},
  publisher = {University of California Press},
  address   = {Berkeley, CA},
  year      = {1981},
}

@Article{Soskuthy2015,
  author   = {Sóskuthy, Márton},
  title    = {Understanding change through stability: {{A}} computational study of sound change actuation},
  doi      = {10.1016/j.lingua.2015.05.010},
  pages    = {40--60},
  volume   = {163},
  journal  = {Lingua},
  sortname = {Soskuthy, Marton},
  year     = {2015},
}

@Article{Aylett2004,
  author  = {Aylett, Matthew and Turk, Alice},
  title   = {The Smooth Signal Redundancy Hypothesis: {{A}} Functional Explanation for Relationships between Redundancy, Prosodic Prominence, and Duration in Spontaneous Speech},
  doi     = {10.1177/00238309040470010201},
  number  = {1},
  pages   = {31--56},
  volume  = {47},
  journal = {Language and Speech},
  year    = {2004},
}

@Book{Hajek1997a,
  author    = {Hajek, John},
  title     = {Universals of sound change in nasalization},
  publisher = {Wiley-Blackwell},
  address   = {London},
  year      = {1997},
}

@InCollection{Janda2003,
  author    = {Janda, Richard D. and Joseph, Brian D.},
  booktitle = {{Selected Papers from the 15th International Conference on Historical Linguistics}},
  title     = {Reconsidering the Canons of Sound-Change: {{T}}owards a {``}Big Bang{''} Theory},
  editor    = {Blake, Barry J. and Burridge, Kate},
  pages     = {205--219},
  publisher = {John Benjamins Publishing Co},
  address   = {Amsterdam},
  year      = {2003},
}

@Article{milroy1985linguistic,
  author    = {Milroy, James and Milroy, Lesley},
  title     = {Linguistic change, social network and speaker innovation},
  doi       = {10.1017/S0022226700010306},
  number    = {2},
  pages     = {339--384},
  volume    = {21},
  journal   = {Journal of Linguistics},
  publisher = {Cambridge Univ Press},
  year      = {1985},
}

@Article{Sole1992,
  author   = {Sol{\'e},Maria-Josep},
  title    = {Phonetic and phonological processes: {{T}}he case of nasalization},
  doi      = {10.1177/002383099203500204},
  number   = {1--2},
  pages    = {29--43},
  volume   = {35},
  journal  = {Language and Speech},
  sortname = {Sol{e},Maria-Josep},
  year     = {1992},
}

@Article{mcmurray2011information,
  author    = {McMurray, Bob and Jongman, Allard},
  title     = {What information is necessary for speech categorization? {{H}}arnessing variability in the speech signal by integrating cues computed relative to expectations.},
  doi       = {10.1037/a0022325},
  number    = {2},
  pages     = {219--246},
  volume    = {118},
  journal   = {Psychological Review},
  publisher = {American Psychological Association},
  year      = {2011},
}

@Article{chen1970vowel,
  author    = {Chen, Matthew},
  title     = {Vowel length variation as a function of the voicing of the consonant environment},
  doi       = {10.1159/000259312},
  number    = {3},
  pages     = {129--159},
  volume    = {22},
  journal   = {Phonetica},
  publisher = {Karger Publishers},
  year      = {1970},
}

@InCollection{Pierrehumbert2002,
  author    = {Pierrehumbert, Janet B.},
  booktitle = {Laboratory Phonology {VII}},
  title     = {Word-specific Phonetics},
  editor    = {Gussenhoven, Carlos and Warner, Natasha},
  pages     = {101--139},
  publisher = {Mouton de Gruyter},
  address   = {Berlin},
  year      = {2002},
}

@Article{baayen1997singulars,
  author    = {Baayen, Harald and Dijkstra, Ton and Schreuder, Robert},
  title     = {Singulars and plurals in {Dutch}: {{{E}}}vidence for a parallel dual-route model},
  doi       = {10.1006/jmla.1997.2509},
  number    = {1},
  pages     = {94--117},
  volume    = {37},
  journal   = {Journal of Memory and Language},
  publisher = {Elsevier},
  year      = {1997},
}

@InCollection{Pierrehumbert2000,
  author    = {Pierrehumbert, Janet B.},
  booktitle = {Frequency effects and the emergence of linguistic structure},
  title     = {Exemplar dynamics: {{W}}ord frequency, lenition and contrast},
  editor    = {Bybee, Joan and Hopper, Paul},
  pages     = {137--158},
  publisher = {John Benjamins},
  address   = {Amsterdam},
  year      = {2001},
}

@Article{nowak2001evolution,
  author    = {Nowak, Martin A. and Komarova, Natalia L. and Niyogi, Partha},
  title     = {Evolution of {U}niversal {G}rammar},
  doi       = {10.1126/science.291.5501.114},
  number    = {5501},
  pages     = {114--118},
  volume    = {291},
  journal   = {Science},
  publisher = {American Association for the Advancement of Science},
  year      = {2001},
}

@Article{Dell1986,
  author  = {Dell, Gary},
  title   = {A spreading activation theory of retrieval in language production},
  doi     = {10.1037/0033-295X.93.3.283},
  number  = {3},
  pages   = {282--321},
  volume  = {93},
  journal = {Psychological Review},
  year    = {1986},
}

@Book{gimson1970introduction,
  author    = {Gimson, Alfred Charles},
  title     = {{An introduction to the pronunciation of {English}}},
  publisher = {Hodder Arnold},
  address   = {London},
  year      = {1970},
}

@Article{Peperkamp2006,
  author  = {Peperkamp, Sharon and Le Calvez, Rozenn and Nadal, John-Pierre and Dupoux, Emmanuel},
  title   = {The acquistion of allophonic rules: {{S}}tatistical learning with linguistic constraints},
  doi     = {10.1016/j.cognition.2005.10.006},
  pages   = {B31-B41},
  volume  = {101},
  journal = {Cognition},
  year    = {2006},
}

@Article{Keating1993,
  author  = {Keating, Patricia A. and Lahiri, Aditi},
  title   = {Fronted velars, palatalized velars, and palatals},
  doi     = {10.1159/000261928},
  issue   = {2},
  pages   = {73--101},
  volume  = {50},
  journal = {Phonetica},
  year    = {1993},
}

@Article{krakow1988coarticulatory,
  author    = {Krakow, Rena A. and Beddor, Patrice S. and Goldstein, Louis M. and Fowler, Carol A.},
  title     = {Coarticulatory influences on the perceived height of nasal vowels},
  doi       = {10.1121/1.396059},
  number    = {3},
  pages     = {1146--1158},
  volume    = {83},
  journal   = {The Journal of the Acoustical Society of America},
  publisher = {Acoustical Society of America},
  year      = {1988},
}

@Article{Kirby2014,
  author  = {Kirby, James P.},
  title   = {Incipient tonogenesis in {{P}}hnom {{P}}enh {{K}}hmer: {{C}}omputational studies},
  doi     = {10.1515/lp-2014-0008},
  number  = {1},
  pages   = {195--230},
  volume  = {5},
  journal = {Laboratory Phonology},
  year    = {2014},
}

@Article{archangeli1988aspects,
  author    = {Archangeli, Diana},
  title     = {Aspects of underspecification theory},
  doi       = {10.1017/S0952675700002268},
  number    = {2},
  pages     = {183--207},
  volume    = {5},
  journal   = {Phonology},
  publisher = {Cambridge University Press},
  year      = {1988},
}

@Article{baxter2006utterance,
  author    = {Baxter, Gareth J. and Blythe, Richard A. and Croft, William and McKane, Alan J.},
  title     = {Utterance selection model of language change},
  doi       = {10.1103/PhysRevE.73.046118},
  issue     = {Article 046118},
  number    = {4},
  volume    = {73},
  journal   = {Physical Review E},
  publisher = {APS},
  year      = {2006},
}

@Article{wedel2017category,
  author    = {Wedel, Andrew and Fatkullin, Ibrahim},
  title     = {Category competition as a driver of category contrast},
  doi       = {10.1093/jole/lzx009},
  number    = {1},
  pages     = {77--93},
  volume    = {2},
  journal   = {Journal of Language Evolution},
  publisher = {Oxford University Press},
  year      = {2017},
}

@InCollection{Johnson1997a,
  author    = {Johnson, Keith},
  booktitle = {Talker Variability in Speech Processing},
  title     = {Speech perception without speaker normalization: {{A}}n exemplar model},
  editor    = {Johnson, Keith and Mullennix, John W.},
  pages     = {145--165},
  publisher = {Academic Press},
  address   = {San Diego},
  year      = {1997},
}

@Article{burani1987representation,
  author    = {Burani, Cristina and Caramazza, Alfonso},
  title     = {Representation and processing of derived words},
  number    = {3--4},
  pages     = {217--227},
  volume    = {2},
  journal   = {Language and Cognitive Processes},
  publisher = {Taylor \& Francis},
  year      = {1987},
}

@InCollection{yu2013socio,
  author    = {Yu, Alan C. L.},
  booktitle = {Origins of sound change: {{A}}pproaches to phonologization},
  title     = {Individual differences in socio-cognitive processing and the actuation of sound changes},
  editor    = {Yu, A. C. L.},
  pages     = {201--227},
  publisher = {Oxford University Press},
  address   = {Oxford},
  journal   = {Origins of sound change: {A}pproaches to phonologization},
  year      = {2013},
}

@Article{Beddor2009,
  author  = {Beddor, Patrice Speeter},
  title   = {A Coarticulatory Path to Sound Change},
  doi     = {10.1353/lan.0.0165},
  number  = {4},
  pages   = {785--821},
  volume  = {85},
  journal = {Language},
  year    = {2009},
}

@Article{Wedela,
  author  = {Wedel, Andrew},
  title   = {Exemplar models, evolution and language change},
  doi     = {10.1515/TLR.2006.010},
  pages   = {247--274},
  volume  = {23},
  journal = {The Linguistic Review},
  year    = {2006},
}

@Book{Rosch1977,
  author    = {Rosch, Eleanor},
  title     = {Human categorization},
  publisher = {Academic Press},
  series    = {Studies in cross-cultural psychology},
  volume    = {1},
  address   = {London},
  year      = {1977},
}

@Article{moreton2004realization,
  author    = {Moreton, Elliott},
  title     = {Realization of the {English} postvocalic [voice] contrast in {F1} and {F2}},
  doi       = {10.1016/s0095-4470(03)00004-4},
  number    = {1},
  pages     = {1--33},
  volume    = {32},
  journal   = {Journal of Phonetics},
  publisher = {Elsevier},
  year      = {2004},
}

@Article{davis2007hearing,
  author    = {Davis, Matthew H. and Johnsrude, Ingrid S.},
  title     = {Hearing speech sounds: {{T}}op-down influences on the interface between audition and speech perception},
  doi       = {10.1016/j.heares.2007.01.014},
  number    = {1--2},
  pages     = {132--147},
  volume    = {229},
  journal   = {Hearing Research},
  publisher = {Elsevier},
  year      = {2007},
}

@Article{Browman1986,
  author  = {Ohala, John J. and Browman, Catherine P. and Goldstein, Louis M.},
  title   = {Towards an articulatory phonology},
  doi     = {10.1017/S0952675700000658},
  pages   = {219--252},
  volume  = {3},
  journal = {Phonology},
  year    = {1986},
}

@Article{docherty2014evaluation,
  author    = {Docherty, Gerard J. and Foulkes, Paul},
  title     = {An evaluation of usage-based approaches to the modelling of sociophonetic variability},
  doi       = {10.1016/j.lingua.2013.01.011},
  pages     = {42--56},
  volume    = {142},
  journal   = {Lingua},
  publisher = {Elsevier},
  year      = {2014},
}

@Article{Browman1988,
  author  = {Browman, Catherine P. and Goldstein, Louis M.},
  title   = {Some notes on syllable structure in articulatory phonology},
  doi     = {10.1159/000261823},
  number  = {2--4},
  pages   = {140--155},
  volume  = {45},
  journal = {Phonetica},
  year    = {1988},
}

@PhdThesis{turnbull2015assessing,
  author = {Turnbull, Rory},
  title  = {Assessing the listener-oriented account of predictability-based phonetic reduction},
  school = {The Ohio State University},
  year   = {2015},
}

@Article{tilsen2009subphonemic,
  author    = {Tilsen, Sam},
  title     = {Subphonemic and cross-phonemic priming in vowel shadowing: {{{E}}}vidence for the involvement of exemplars in production},
  number    = {3},
  pages     = {276--296},
  volume    = {37},
  journal   = {Journal of Phonetics},
  publisher = {Elsevier},
  year      = {2009},
}

@Article{Cho2001,
  author  = {Cho, Taehong},
  title   = {{E}ffects of morpheme boundaries on intergestural timing: {{{E}}}vidence from {{K}}orean},
  doi     = {10.1159/000056196},
  number  = {3},
  pages   = {129--162},
  volume  = {58},
  journal = {Phonetica},
  year    = {2001},
}

@Article{feldman2009learning,
  author  = {Feldman, Naomi and Griffiths, Thomas and Morgan, James},
  title   = {Learning phonetic categories by learning a lexicon},
  number  = {31},
  pages   = {2208--2213},
  volume  = {31},
  journal = {Proceedings of the Annual Meeting of the Cognitive Science Society},
  year    = {2009},
}

@Book{Sweet1880,
  author    = {Sweet, Henry},
  title     = {A Handbook of Phonetics},
  publisher = {MacMillan and Co.},
  series    = {Clarendon Press Series},
  address   = {London},
  year      = {1880},
}

@Article{lisker1974explaining,
  author  = {Lisker, Leigh},
  title   = {On "explaining" vowel duration variation},
  number  = {2},
  pages   = {233--246},
  volume  = {8},
  journal = {Glossa},
  year    = {1974},
}

@Book{marr1982vision,
  author    = {Marr, David},
  title     = {Vision: {{A}} computational investigation into the human representation and processing of visual information},
  doi       = {10.7551/mitpress/9780262514620.001.0001},
  pages     = {2--46},
  publisher = {Henry Holt \& Co.},
  year      = {1982},
}

@Book{Martinet1955,
  author    = {Martinet, Andr{\'e}},
  title     = {Economie des changements phonetiques},
  publisher = {Francke},
  address   = {Bern},
  year      = {1955},
}

@Article{levelt1999theory,
  author    = {Levelt, Willem J.M. and Roelofs, Ardi and Meyer, Antje S.},
  title     = {A theory of lexical access in speech production},
  number    = {1},
  pages     = {1--38},
  volume    = {22},
  journal   = {Behavioral and Brain Sciences},
  publisher = {Cambridge University Press},
  year      = {1999},
}

@InCollection{hooper1976word,
  author    = {Hooper, Joan B},
  booktitle = {Current Progress in Historical Linguistics},
  title     = {Word frequency in lexical diffusion and the source of morphophonological change},
  editor    = {William Christie},
  pages     = {96--105},
  publisher = {North Holland},
  address   = {Amsterdam},
  year      = {1976},
}

@Article{beckman2000ontogeny,
  author    = {Beckman, Mary E. and Edwards, Jan},
  title     = {The ontogeny of phonological categories and the primacy of lexical learning in linguistic development},
  doi       = {10.1111/1467-8624.00139},
  number    = {1},
  pages     = {240--249},
  volume    = {71},
  journal   = {Child Development},
  publisher = {Wiley Online Library},
  year      = {2000},
}

@Article{gahl2008time,
  author    = {Gahl, Susanne},
  title     = {Time and thyme are not homophones: {{T}}he effect of lemma frequency on word durations in spontaneous speech},
  doi       = {10.1353/lan.0.0035},
  number    = {3},
  pages     = {474--496},
  volume    = {84},
  journal   = {Language},
  publisher = {Linguistic Society of America},
  year      = {2008},
}

@InCollection{Bybee2008,
  author    = {Bybee, Joan},
  booktitle = {The Handbook of Historical Linguistics},
  title     = {Mechanisms of change in grammaticization: {{T}}he role of frequency},
  doi       = {10.1002/9780470756393.ch19},
  editor    = {Joseph, Brian D. and Janda, Richard D.},
  isbn      = {9780470756393},
  pages     = {602--623},
  publisher = {Blackwell},
  address   = {London},
  year      = {2003},
}

@Article{Wedel2008,
  author       = {Wedel, Andrew},
  journaltitle = {Language and Cognition},
  title        = {Lexical contrast maintenance and the organization of sublexical contrast systems},
  doi          = {10.1515/langcog-2012-0018},
  issue        = {4},
  pages        = {319--355},
  volume       = {4},
  journal      = {Language and Cognition},
  year         = {2012},
}

@Article{Raymond2006,
  author  = {Raymond,William D. and Dautricourt,Robin and Hume,Elizabeth},
  title   = {Word-internal /t,d/ deletion in spontaneous speech: {{M}}odeling the effects of extra-linguistic, lexical, and phonological factors},
  doi     = {10.1017/S0954394506060042},
  eprint  = {http://journals.cambridge.org/article_S0954394506060042},
  number  = {1},
  pages   = {55--97},
  volume  = {18},
  file    = {:/Users/becca/Documents/OSU/InformationTheory/Articles/Raymond06.pdf:PDF},
  journal = {Language Variation and Change},
  year    = {2006},
}

@Article{mcclelland1981interactive,
  author    = {McClelland, James L. and Rumelhart, David E.},
  title     = {An interactive activation model of context effects in letter perception: {{I}}. {{A}}n account of basic findings.},
  doi       = {10.1037/0033-295X.88.5.375},
  number    = {5},
  pages     = {375--407},
  volume    = {88},
  journal   = {Psychological Review},
  publisher = {American Psychological Association},
  year      = {1981},
}

@Article{Wedel2006,
  author  = {Wedel, Andrew},
  title   = {Feedback and regularity in the lexicon},
  doi     = {10.1017/S0952675707001145},
  pages   = {147--185},
  volume  = {24},
  journal = {Phonology},
  year    = {2007},
}

@Article{Niyogi1997,
  author  = {Niyogi, Partha and Berwick, Robert C.},
  title   = {A dynamical systems model for language change},
  pages   = {161--204},
  volume  = {11},
  journal = {Complex Systems},
  year    = {1997},
}

@Article{Nosofsky1988,
  author    = {Nosofsky, Robert M.},
  title     = {Exemplar-based accounts of relations between classification, recognition, and typicality.},
  doi       = {10.1037/0278-7393.14.4.700},
  number    = {4},
  pages     = {700--708},
  volume    = {14},
  journal   = {Journal of Experimental Psychology: Learning, Memory, and Cognition},
  publisher = {US: American Psychological Association},
  refid     = {1989-14466-001},
  year      = {1988},
}

@PhdThesis{cohn1990phonetic,
  author = {Cohn, Abigail},
  title  = {Phonetic and Phonological {Rules} of Nasalization},
  school = {UCLA},
  year   = {1990},
}

@PhdThesis{soskuthy2013phonetic,
  author = {Sóskuthy, Márton},
  title  = {Phonetic biases and systemic effects in the actuation of sound change.},
  school = {The University of Edinburgh},
  year   = {2013},
}

@Article{choi1995acoustic,
  author    = {Choi, John D},
  title     = {An acoustic-phonetic underspecification account of {{M}}arshallese vowel allophony},
  doi       = {10.1016/S0095-4470(95)80164-2},
  number    = {3},
  pages     = {323--347},
  volume    = {23},
  journal   = {Journal of Phonetics},
  publisher = {Elsevier},
  year      = {1995},
}

@Article{caramazza1988lexical,
  author    = {Caramazza, Alfonso and Laudanna, Alessandro and Romani, Cristina},
  title     = {Lexical access and inflectional morphology},
  doi       = {10.1016/0010-0277(88)90017-0},
  number    = {3},
  pages     = {297--332},
  volume    = {28},
  journal   = {Cognition},
  publisher = {Elsevier},
  year      = {1988},
}

@TechReport{Luce1986,
  author      = {Luce, Paul A.},
  institution = {Indiana University},
  title       = {Neighborhoods of Words in the Mental Lexicon. {{R}}esearch on Speech Perception. {{T}}echnical Report {No}. 6.},
  pages       = {1--91},
  year        = {1986},
}

@Article{peterson1960duration,
  author    = {Peterson, Gordon E. and Lehiste, Ilse},
  title     = {Duration of syllable nuclei in {English}},
  doi       = {10.1121/1.1908183},
  number    = {6},
  pages     = {693--703},
  volume    = {32},
  journal   = {The Journal of the Acoustical Society of America},
  publisher = {Acoustical Society of America},
  year      = {1960},
}

@Article{kawasaki1978perceived,
  author    = {Kawasaki, Haruko},
  title     = {The perceived nasality of vowels with gradual attenuation of adjacent nasal consonants},
  doi       = {doi.org/10.1121/1.2004085},
  number    = {S1},
  pages     = {S19},
  volume    = {64},
  journal   = {The Journal of the Acoustical Society of America},
  publisher = {Acoustical Society of America},
  year      = {1978},
}

@Article{hintzman1984minerva,
  author    = {Hintzman, Douglas L},
  title     = {{MINERVA} 2: {{A}} simulation model of human memory},
  number    = {2},
  pages     = {96--101},
  volume    = {16},
  journal   = {Behavior Research Methods, Instruments, \& Computers},
  publisher = {Springer},
  year      = {1984},
}

@Article{Bybee2006,
  author  = {Bybee, Joan},
  title   = {From Usage to Grammar: {{T}}he Mind's Response to Repetition},
  number  = {4},
  pages   = {711--733},
  volume  = {82},
  journal = {Language},
  year    = {2006},
}

@Article{belasco1958variations,
  author    = {Belasco, Simon},
  title     = {Variations in Vowel Duration: {{P}}honemically or Phonetically Conditioned?},
  doi       = {10.1121/1.1909457},
  number    = {11},
  pages     = {1049--1050},
  volume    = {30},
  journal   = {The Journal of the Acoustical Society of America},
  publisher = {Acoustical Society of America},
  year      = {1958},
}

@Article{Bybee2002,
  author  = {Bybee, Joan},
  title   = {Word frequency and context of use in the lexical diffusion of phonetically conditioned sound change},
  doi     = {10.1017/S0954394502143018},
  eprint  = {http://journals.cambridge.org/article_S0954394502143018},
  number  = {3},
  pages   = {261--290},
  volume  = {14},
  journal = {Language Variation and Change},
  year    = {2002},
}

@Article{Steels2005,
  author  = {Steels, Luc},
  title   = {The emergence and evolution of linguistic structure: {{F}}rom lexical to grammatical communication systems},
  doi     = {10.1080/09540090500269088},
  eprint  = {http://www.tandfonline.com/doi/pdf/10.1080/09540090500269088},
  number  = {3-4},
  pages   = {213--230},
  volume  = {17},
  journal = {Connection Science},
  year    = {2005},
}

@Article{howes1951visual,
  author    = {Howes, Davis H. and Solomon, Richard L.},
  title     = {Visual duration threshold as a function of word-probability.},
  number    = {6},
  pages     = {401--410},
  volume    = {41},
  journal   = {Journal of Experimental Psychology},
  publisher = {American Psychological Association},
  year      = {1951},
}

@Book{Bybee2001,
  author    = {Bybee, Joan},
  title     = {Phonology and Language Use},
  doi       = {10.1017/CBO9780511612886},
  publisher = {Cambridge University Press},
  address   = {Cambridge},
  year      = {2001},
}

@Article{Goldinger1996,
  author  = {Goldinger, Stephen D.},
  title   = {Words and voices: {{{E}}}pisodic traces in spoken word identification and recognition memory},
  number  = {5},
  pages   = {1166--1183},
  volume  = {22},
  journal = {Journal of Experimental Psychology: Learning, Memory and Cognition},
  year    = {1996},
}

@Article{stanford2013revisiting,
  author    = {Stanford, James N. and Kenny, Laurence A.},
  title     = {Revisiting transmission and diffusion: {{A}}n agent-based model of vowel chain shifts across large communities},
  doi       = {10.1017/S0954394513000069},
  number    = {2},
  pages     = {119--153},
  volume    = {25},
  journal   = {Language Variation and Change},
  publisher = {Cambridge University Press},
  year      = {2013},
}

@Book{wells1982accents,
  author    = {Wells, John C},
  title     = {{Accents of {English}}},
  publisher = {Cambridge University Press},
  volume    = {1},
  address   = {Cambridge},
  year      = {1982},
}

@Article{liberman1967perception,
  author    = {Liberman, Alvin M. and Cooper, Franklin S. and Shankweiler, Donald P. and Studdert-Kennedy, Michael},
  title     = {Perception of the speech code.},
  doi       = {10.1037/h0020279},
  number    = {6},
  pages     = {431--461},
  volume    = {74},
  journal   = {Psychological Review},
  publisher = {American Psychological Association},
  year      = {1967},
}

@Book{Prince2004,
  author    = {Prince, Alan and Smolensky, Paul},
  title     = {{Optimality Theory}: {C}onstraint interaction in generative grammar},
  publisher = {Blackwell Publishing},
  address   = {Malden, MA},
  year      = {2004},
}

@Misc{Soskuthy,
  author = {Sóskuthy, Márton},
  title  = {Explaining lexical frequency effects: {{A}} critique and an alternative account},
  note   = {Paper presented at the 3rd Biennial Workshop on Sound Change: ``Sound Change in Interacting Human Systems'', May 28--31, at the University of California at Berkeley.},
  year   = {2014},
}

@InCollection{Keating1985,
  author    = {Keating, Patricia A.},
  booktitle = {Phonetic Linguistics: {{{E}}}ssays in honor of {{P}}eter {{L}}adefoged},
  title     = {Universal phonetics and the organization of grammars},
  editor    = {Fromkin, Victoria A.},
  pages     = {115--132},
  publisher = {Academic Press},
  address   = {Orlando},
  year      = {1985},
}

@Article{gahl2012reduce,
  author    = {Gahl, Susanne and Yao, Yao and Johnson, Keith},
  title     = {Why reduce? {{P}}honological neighborhood density and phonetic reduction in spontaneous speech},
  doi       = {10.1016/j.jml.2011.11.006},
  number    = {4},
  pages     = {789--806},
  volume    = {66},
  journal   = {Journal of Memory and Language},
  publisher = {Elsevier},
  year      = {2012},
}

@Article{Blevins2009,
  author  = {Blevins, Juliette and Wedel, Andrew},
  title   = {Inhibited sound change: {{A}}n evolutionary approach to lexical competition},
  doi     = {doi:10.1075/dia.26.2.01ble},
  number  = {2},
  pages   = {143--183},
  volume  = {26},
  journal = {Diachronica},
  year    = {2009},
}

@InCollection{Wedel2004,
  author    = {Wedel, Andrew},
  booktitle = {Proceedings of the Seventh Meeting of the {ACL} Special Interest Group in Computational Phonology},
  title     = {Category competition drives contrast maintenance within an exemplar-based production/perception loop},
  editor    = {Goldsmith, John and Wicentowski, Richard},
  number    = {7},
  pages     = {1--10},
  year      = {2004},
}

@Article{dillon2013single,
  author    = {Dillon, Brian and Dunbar, Ewan and Idsardi, William},
  title     = {A single-stage approach to learning phonological categories: {{I}}nsights from {{I}}nuktitut},
  doi       = {10.1111/cogs.12008},
  number    = {2},
  pages     = {344--377},
  volume    = {37},
  journal   = {Cognitive Science},
  publisher = {Wiley Online Library},
  year      = {2013},
}

@InCollection{Browman1990,
  author    = {Browman, Catherine P. and Goldstein, Louis M.},
  booktitle = {Papers in Laboratory Phonology {{I}}: {{B}}etween the grammar and the physics of speech},
  title     = {Tiers in articulatory phonology, with some implications for casual speech},
  editor    = {Kingston, John and Beckman, Mary E.},
  pages     = {341--376},
  publisher = {Cambridge University Press},
  address   = {Cambridge},
  year      = {1990},
}

@Article{munson2004effect,
  author    = {Munson, Benjamin and Solomon, Nancy Pearl},
  title     = {The effect of phonological neighborhood density on vowel articulation},
  pages     = {1048--1058},
  volume    = {47},
  journal   = {Journal of Speech, Language, and Hearing Research},
  publisher = {ASHA},
  year      = {2004},
}

@PhdThesis{Scarborough2004,
  author = {Scarborough, Rebecca A.},
  title  = {Coarticulation and the Structure of the Lexicon},
  school = {UCLA},
  year   = {2004},
}

@Article{Phillips1984,
  author  = {Phillips, Betty S.},
  title   = {Word frequency and the actuation of sound change},
  number  = {2},
  pages   = {320--342},
  volume  = {60},
  journal = {Language},
  year    = {1984},
}

@Article{ganong1980phonetic,
  author    = {Ganong, William F},
  title     = {Phonetic categorization in auditory word perception.},
  number    = {1},
  pages     = {110--125},
  volume    = {6},
  journal   = {Journal of Experimental Psychology: Human Perception and Performance},
  publisher = {American Psychological Association},
  year      = {1980},
}

@Book{Blevins2004,
  author    = {Blevins, Juliette},
  title     = {Evolutionary Phonology: {{T}}he emergence of sound patterns},
  publisher = {Cambridge University Press},
  address   = {New York},
  year      = {2004},
}
